@article{lloyd2005superspreading,
  title     = {Superspreading and the effect of individual variation on disease emergence},
  author    = {Lloyd-Smith, James O and Schreiber, Sebastian J and Kopp, P Ekkehard and Getz, Wayne M},
  journal   = {Nature},
  volume    = {438},
  number    = {7066},
  pages     = {355--359},
  year      = {2005},
  publisher = {Nature Publishing Group UK London}
}